@article{chatzistergos2017,
   title={New reconstruction of the sunspot group numbers since 1739 using direct calibration and "backbone" methods},
   volume={602},
   ISSN={1432-0746},
   url={http://dx.doi.org/10.1051/0004-6361/201630045},
   DOI={10.1051/0004-6361/201630045},
   journal={Astronomy \& Astrophysics},
   publisher={EDP Sciences},
   author={Chatzistergos, Theodosios and Usoskin, Ilya G. and Kovaltsov, Gennady A. and Krivova, Natalie A. and Solanki, Sami K.},
   year={2017},
   month={Jun},
   pages={A69}
}

@article{lockwood2014,
    author={Lockwood, M. and Owens, M. J. and Barnard, L.},
    title={Centennial variations in sunspot number, open solar flux, and streamer belt width: 2. Comparison with the geomagnetic data},
    journal={Journal of Geophysical Research: Space Physics},
    volume={119},
    number={7},
    pages={5183-5192},
    keywords={sunspot activity, geomagnetic activity},
    doi={https://doi.org/10.1002/2014JA019972},
    url={https://agupubs.onlinelibrary.wiley.com/doi/abs/10.1002/2014JA019972},
    eprint={https://agupubs.onlinelibrary.wiley.com/doi/pdf/10.1002/2014JA019972},
    year={2014}
}

@article{svalgaard2016,
   title={Reconstruction of the Sunspot Group Number: The Backbone Method},
   volume={291},
   ISSN={1573-093X},
   url={http://dx.doi.org/10.1007/s11207-015-0815-8},
   DOI={10.1007/s11207-015-0815-8},
   number={9-10},
   journal={Solar Physics},
   publisher={Springer Science and Business Media LLC},
   author={Svalgaard, Leif and Schatten, Kenneth H.},
   year={2016},
   month={Feb},
   pages={2653–2684}
}

@article{usoskin2016,
   title={A New Calibrated Sunspot Group Series Since 1749: Statistics of Active Day Fractions},
   volume={291},
   ISSN={1573-093X},
   url={http://dx.doi.org/10.1007/s11207-015-0838-1},
   DOI={10.1007/s11207-015-0838-1},
   number={9-10},
   journal={Solar Physics},
   publisher={Springer Science and Business Media LLC},
   author={Usoskin, I. G. and Kovaltsov, G. A. and Lockwood, M. and Mursula, K. and Owens, M. and Solanki, S. K.},
   year={2016},
   month={Jan},
   pages={2685–2708}
}
